<?xml version="1.0" encoding="UTF-8"?><record xmlns="http://www.loc.gov/MARC21/slim" xmlns:cinclude="http://apache.org/cocoon/include/1.0" xmlns:zs="http://www.loc.gov/zing/srw/">
  <leader>00492nz  a2200133n  4500</leader>
  <controlfield tag="001">n  85060445 </controlfield>
  <controlfield tag="003">DLC</controlfield>
  <controlfield tag="005">19850820142802.4</controlfield>
  <controlfield tag="008">850716n| acannaab|          |a aaa |||  </controlfield>
  <datafield tag="010" ind1=" " ind2=" ">
    <subfield code="a">n  85060445 </subfield>
  </datafield>
  <datafield tag="040" ind1=" " ind2=" ">
    <subfield code="a">DLC</subfield>
    <subfield code="c">DLC</subfield>
    <subfield code="d">DLC</subfield>
  </datafield>
  <datafield tag="100" ind1="1" ind2="0">
    <subfield code="a">Novikov, S. I.</subfield>
    <subfield code="q">(Stanislav Ivanovich)</subfield>
  </datafield>
  <datafield tag="400" ind1="1" ind2="0">
    <subfield code="a">Novikov, Stanislav Ivanovich</subfield>
  </datafield>
  <datafield tag="670" ind1=" " ind2=" ">
    <subfield code="a">Kli︠u︡ev, A. S. Naladka sistem avtomaticheskogo regulirovanii︠a︡ barabannykh parovykh kotlov, 1985:</subfield>
    <subfield code="b">t.p. (S. I. Novikov) colophon (Stanislav Ivanovich Novikov)</subfield>
  </datafield>
</record>